<?xml version="1.0" encoding="UTF-8"?><collection xmlns="http://www.loc.gov/MARC21/slim"><record><leader>00531nam--2200205-u-4500</leader><controlfield tag="001">000051575</controlfield><controlfield tag="002">20161230</controlfield><controlfield tag="005">20161230201049</controlfield><controlfield tag="008">080807s1000------------r-----000-0-eng-d</controlfield><datafield ind1=" " ind2=" " tag="020"><subfield code="a">978-0-240-80930-4</subfield></datafield><datafield ind1=" " ind2=" " tag="040"><subfield code="a">IFIN-HH</subfield></datafield><datafield ind1=" " ind2=" " tag="080"><subfield code="a">778.68:77.022</subfield></datafield><datafield ind1="1" ind2="0" tag="100"><subfield code="a">Zakia, Richard D</subfield></datafield><datafield ind1="1" ind2=" " tag="245"><subfield code="a">Perception and Imaging, photography - A Way of Seeing</subfield></datafield><datafield ind1=" " ind2=" " tag="250"><subfield code="a">Third Edition</subfield></datafield><datafield ind1=" " ind2=" " tag="260"><subfield code="a">Amsterdam</subfield><subfield code="b">Elsevier</subfield><subfield code="c">2007</subfield></datafield><datafield ind1=" " ind2=" " tag="300"><subfield code="a">410 p</subfield></datafield><datafield ind1="1" ind2=" " tag="700"><subfield code="a">Richard D. Zakia</subfield></datafield><datafield ind1=" " ind2=" " tag="852"><subfield code="a">82103</subfield><subfield code="c">77</subfield></datafield><datafield ind1=" " ind2=" " tag="CAT"><subfield code="a">Sys</subfield><subfield code="c">20080807</subfield><subfield code="h">094105</subfield></datafield></record></collection>